<record><leader>00000cas a22000007a 4500</leader><controlfield tag="001">21391386</controlfield><controlfield tag="008">900418d18971900gauwr ne      0    0eng d</controlfield><datafield ind1=" " ind2=" " tag="010"><subfield code="a">sn 89053374 </subfield></datafield><datafield ind1=" " ind2=" " tag="040"><subfield code="a">NLG</subfield><subfield code="b">eng</subfield><subfield code="c">NLG</subfield><subfield code="d">GUA</subfield><subfield code="d">OCLCQ</subfield><subfield code="d">OCLCF</subfield><subfield code="d">OCLCO</subfield></datafield><datafield ind1="1" ind2=" " tag="029"><subfield code="a">AU@</subfield><subfield code="b">000040966466</subfield></datafield><datafield ind1=" " ind2=" " tag="042"><subfield code="a">msc</subfield></datafield><datafield ind1=" " ind2=" " tag="043"><subfield code="a">n-us-ga</subfield></datafield><datafield ind1="0" ind2=" " tag="130"><subfield code="a">New era (Talbotton, Ga.)</subfield></datafield><datafield ind1="1" ind2="4" tag="245"><subfield code="a">The new era.</subfield></datafield><datafield ind1=" " ind2=" " tag="260"><subfield code="a">Talbotton, Ga. :</subfield><subfield code="b">R.N.R. Bardwell,</subfield><subfield code="c">1897-1900.</subfield></datafield><datafield ind1=" " ind2=" " tag="300"><subfield code="a">v.</subfield></datafield><datafield ind1=" " ind2=" " tag="310"><subfield code="a">Weekly</subfield></datafield><datafield ind1="0" ind2=" " tag="362"><subfield code="a">Vol. 14, no. 9 (Jan. 5, 1897)-v. 17, no. 11 (Feb. 9, 1900).</subfield></datafield><datafield ind1=" " ind2=" " tag="530"><subfield code="a">Also on microfilm: Athens, Ga. : University of Georgia Libraries.</subfield></datafield><datafield ind1=" " ind2="0" tag="651"><subfield code="a">Talbotton (Ga.)</subfield><subfield code="v">Newspapers.</subfield></datafield><datafield ind1=" " ind2="0" tag="651"><subfield code="a">Talbot County (Ga.)</subfield><subfield code="v">Newspapers.</subfield></datafield><datafield ind1=" " ind2="7" tag="655"><subfield code="a">Newspapers.</subfield><subfield code="2">fast</subfield><subfield code="0">(OCoLC)fst01423814</subfield></datafield><datafield ind1=" " ind2="7" tag="651"><subfield code="a">Georgia</subfield><subfield code="z">Talbot County.</subfield><subfield code="2">fast</subfield><subfield code="0">(OCoLC)fst01215872</subfield></datafield><datafield ind1=" " ind2="7" tag="651"><subfield code="a">Georgia</subfield><subfield code="z">Talbotton.</subfield><subfield code="2">fast</subfield><subfield code="0">(OCoLC)fst01267757</subfield></datafield><datafield ind1=" " ind2=" " tag="752"><subfield code="a">United States</subfield><subfield code="b">Georgia</subfield><subfield code="c">Talbot</subfield><subfield code="d">Talbotton.</subfield></datafield><datafield ind1="0" ind2="0" tag="780"><subfield code="t">Talbotton new era and west Georgia news</subfield><subfield code="w">(DLC)sn 89053373</subfield><subfield code="w">(OCoLC)21391197</subfield></datafield><datafield ind1="0" ind2="0" tag="785"><subfield code="t">Talbotton new era (Talbotton, Ga. : 1900)</subfield><subfield code="w">(DLC)sn 85009110</subfield><subfield code="w">(OCoLC)12683669</subfield></datafield></record>